@book{xml_in_a_nutshell,
    title = "{XML} in a Nutshell",
    author = "Harold, Elliotte Rusty and Means, W Scott",
    publisher = "O'Reilly Media",
    edition = 2,
    month = jun,
    year = 2002,
    address = "Sebastopol, CA",
    language = "en",
}

@book{process_xml,
    title = "Processing {XML} with Java: A Guide to SAX, DOM, JDOM, JAXP, and
             TrAX",
    author = "Harold, Elliotte Rusty",
    publisher = "Addison Wesley",
    month = nov,
    year = 2002,
    address = "Boston, MA",
    language = "en",
}

@book{java_and_xml,
    title = "Java and {XML}",
    author = "McLaughlin, Brett",
    publisher = "O'Reilly Media",
    edition = 2,
    month = sep,
    year = 2001,
    address = "Sebastopol, CA",
    language = "en",
}
